<collection xmlns="http://www.loc.gov/MARC21/slim">
<record>
  <leader>01096nam0a22002531i 450 </leader>
  <controlfield tag="001">IT\ICCU\CNCE\025177</controlfield>
  <controlfield tag="005">20000222000000.0</controlfield>
  <datafield tag="012" ind1=" " ind2=" ">
    <subfield code="a">isro inod i-ia cide (3) 1553 (R)</subfield>
    <subfield code="2">fei</subfield>
    <subfield code="9">1</subfield>
  </datafield>
  <datafield tag="012" ind1=" " ind2=" ">
    <subfield code="a">rii- ilin i-t: riqu (3) 1554 (R)</subfield>
    <subfield code="2">fei</subfield>
    <subfield code="9">2</subfield>
  </datafield>
  <datafield tag="100" ind1=" " ind2=" ">
    <subfield code="a">19970924g15531554    0itac0103    ba</subfield>
  </datafield>
  <datafield tag="101" ind1=" " ind2=" ">
    <subfield code="a">LAT</subfield>
  </datafield>
  <datafield tag="102" ind1=" " ind2=" ">
    <subfield code="a">IT</subfield>
  </datafield>
  <datafield tag="200" ind1="1" ind2=" ">
    <subfield code="a">℗Io. Baptistae Montani Veronensis ...℗Expectatissimae in aphorismos Hippocratis lectiones ...</subfield>
  </datafield>
  <datafield tag="210" ind1=" " ind2=" ">
    <subfield code="a">Venetiis</subfield>
    <subfield code="c">apud Baltassarem Constantinum</subfield>
    <subfield code="d">1553-1554</subfield>
  </datafield>
  <datafield tag="215" ind1=" " ind2=" ">
    <subfield code="a">2 v. in 1</subfield>
    <subfield code="d">8ʻ</subfield>
  </datafield>
  <datafield tag="300" ind1=" " ind2=" ">
    <subfield code="a">E&apos; la 15924</subfield>
  </datafield>
  <datafield tag="620" ind1=" " ind2=" ">
    <subfield code="a">IT</subfield>
    <subfield code="d">Venezia</subfield>
  </datafield>
  <datafield tag="712" ind1="0" ind2="0">
    <subfield code="a">Costantini, Baldassarre</subfield>
    <subfield code="3">IT\ICCU\CNCT\000122</subfield>
    <subfield code="4">650</subfield>
  </datafield>
  <datafield tag="791" ind1="0" ind2="2">
    <subfield code="a">℗al segno di ℗San Giorgio</subfield>
    <subfield code="c"> &lt;1543-1558&gt;</subfield>
    <subfield code="3">IT\ICCU\CNCT\002716</subfield>
    <subfield code="z">Costantini, Baldassarre</subfield>
  </datafield>
  <datafield tag="791" ind1="0" ind2="0">
    <subfield code="a">Constantinus, Balthasar</subfield>
    <subfield code="3">IT\ICCU\CNCT\003182</subfield>
    <subfield code="z">Costantini, Baldassarre</subfield>
  </datafield>
  <datafield tag="791" ind1="0" ind2="0">
    <subfield code="a">Costantini, Baldissera</subfield>
    <subfield code="3">IT\ICCU\CNCT\004678</subfield>
    <subfield code="z">Costantini, Baldassarre</subfield>
  </datafield>
  <datafield tag="791" ind1="0" ind2="0">
    <subfield code="a">Constantinus, Baldassar</subfield>
    <subfield code="3">IT\ICCU\CNCT\004679</subfield>
    <subfield code="z">Costantini, Baldassarre</subfield>
  </datafield>
  <datafield tag="801" ind1=" " ind2="3">
    <subfield code="a">IT</subfield>
    <subfield code="b">ICCU</subfield>
    <subfield code="c">20201114</subfield>
  </datafield>
  <datafield tag="899" ind1=" " ind2=" ">
    <subfield code="a">Biblioteca comunale Forteguerriana. Pistoia</subfield>
    <subfield code="1">PT0025</subfield>
    <subfield code="2">RT1 IE</subfield>
  </datafield>
</record>
</collection>
